@article{yeast,
  author = {Ro, Dae-Kyun and Paradise, Eric M. and Ouellet, Mario and
    Fisher, Karl J. and Newman, Karyn L. and Ndungu, John M. and
    Ho, Kimberly A. and Eachus, Rachel A. and Ham, Timothy S. and
    Kirby, James and Chang, Michelle C. Y. and Withers, Sydnor T. and
    Shiba, Yoichiro and Sarpong, Richmond and Keasling, Jay D.},
  title = {Production of the antimalarial drug precursor artemisinic acid in
  engineered yeast},
  journal = {Nature},
  year  = 2006,
  month = apr,
  volume = {440},
  pages = {940--943}
}
@article{edgeDetector,
  author = {Tabor, Jeffrey J. and Salis, Howard M. and Simpson, Zachary Booth and
    Chevalier, Aaron A. and Levskaya, Anselm and Marcotte, Edward M. and Voigt,
      Christopher A. and Ellington, Andrew D.},
  title = {A Synthetic Genetic Edge Detection Program},
  journal = {Cell},
  volume = 137,
  issue = 7,
  pages = {1272 - 1281},
  year = 2009
}
@techreport{malaria,
    title = {World Malaria Report 2011},
    institution = {World Health Organization},
    year = 2011,
    author = {WHO}
}
@article{Sugita1996,
    year={1996},
    issn={0167-4412},
    journal={Plant Molecular Biology},
    volume={32},
    issue={1-2},
    doi={10.1007/BF00039388},
    title={Regulation of gene expression in chloroplasts of higher plants},
    publisher={Kluwer Academic Publishers},
    author={Sugita, Mamoru and Sugiura, Masahiro},
    pages={315-326},
    language={English}
}
@article{Sugiura1998,
author = {Sugiura, M and Hirose, T and Sugita, M},
doi = {10.1146/annurev.genet.32.1.437},
issn = {0066-4197},
journal = {Annual review of genetics},
language = {en},
month = jan,
pages = {437--59},
pmid = {9928487},
publisher = {Annual Reviews  4139 El Camino Way, P.O. Box 10139, Palo Alto, CA 94303-0139, USA},
title = {{Evolution and mechanism of translation in chloroplasts.}},
volume = {32},
year = {1998}
}
@manual{HMMERguide,
  title = {HMMER User's Guide},
  author = {Eddy, S.R.},
  url = {ftp://selab.janelia.org/pub/software/hmmer3/3.0/Userguide.pdf},
  year = {2010},
  month = mar
}
@Book{Durbin1998,
  author    = {Durbin, R. and Eddy, S.R. and Krogh, A. and Mitchison, G.},
  title     = {Biological Sequence Analysis: Probabilistic Models of Proteins
    and Nucleic Acids},
  publisher = {Cambridge University Press},
  year      =  1998,
}
@article{DNAhalflife,
  author= "Morten E. Allentoft and Matthew Collins and David Harker and
      James Haile and Charlotte L. Oskam and Marie L. Hale and 
      Paula F. Campos and Jose A. Samaniego and Thomas P. Gilbert and
      Eske Willerslev and Guojie Zhang and R. Paul Scofield and 
      Richard N. Holdaway and Michael Bunce",
  title = {The half-life of DNA in bone: measuring decay kinetics in 158 dated
    fossils},
  journal = {Proc R Soc B},
  year = {2012}, 
  volume = {279},
  pages = {4724--4733}
}
@article{Kobayashi2012,
    author = {Kobayashi, Keiko and Kawabata, Masuyo and Hisano, Keizo and Kazama, Tomohiko and Matsuoka, Ken and Sugita, Mamoru and Nakamura, Takahiro},
    doi = {10.1093/nar/gkr1084},
    issn = {1362-4962},
    journal = {Nucleic acids research},
    month = mar,
    number = {6},
    pages = {2712--23},
    pmid = {22127869},
    title = {{Identification and characterization of the RNA binding surface of the pentatricopeptide repeat protein.}},
    volume = {40},
    year = {2012}
}
@article{Small2000,
author = {Small, I. D. and Peeters, N.},
issn = {0376-5067},
journal = {Trends in Biochemical Sciences},
language = {English},
number = {2},
pages = {46--47},
title = {{The PPR motif - a TPR-related motif prevalent in plant organellar proteins.}},
volume = {25},
year = {2000}
}
@article{Lurin2004,
author = {Lurin, Claire and Andr\'{e}s, Charles and Aubourg, S\'{e}bastien and Bellaoui, Mohammed and Bitton, Fr\'{e}d\'{e}rique and Bruy\`{e}re, Cl\'{e}mence and Caboche, Michel and Debast, C\'{e}drig and Gualberto, Jos\'{e} and Hoffmann, Beate and Lecharny, Alain and {Le Ret}, Monique and Martin-Magniette, Marie-Laure and Mireau, Hakim and Peeters, Nemo and Renou, Jean-Pierre and Szurek, Boris and Taconnat, Ludivine and Small, Ian},
doi = {10.1105/tpc.104.022236},
issn = {1040-4651},
journal = {The Plant cell},
mendeley-tags = {PPR Arabidopsis},
month = aug,
number = {8},
pages = {2089--103},
pmid = {15269332},
title = {{Genome-wide analysis of Arabidopsis pentatricopeptide repeat proteins reveals their essential role in organelle biogenesis.}},
volume = {16},
year = {2004}
}
@article{Okuda2012,
author = {Okuda, Kenji and Shikanai, Toshiharu},
doi = {10.1093/nar/gks164},
issn = {1362-4962},
journal = {Nucleic acids research},
month = jun,
number = {11},
pages = {5052--64},
pmid = {22362750},
title = {{A pentatricopeptide repeat protein acts as a site-specificity factor at multiple RNA editing sites with unrelated cis-acting elements in plastids.}},
volume = {40},
year = {2012}
}
@article{Schmitz-Linneweber2008,
author = {Schmitz-Linneweber, Christian and Small, Ian},
doi = {10.1016/j.tplants.2008.10.001},
issn = {1360-1385},
journal = {Trends in plant science},
month = dec,
number = {12},
pages = {663--70},
pmid = {19004664},
title = {{Pentatricopeptide repeat proteins: a socket set for organelle gene expression.}},
volume = {13},
year = {2008}
}
@article{Wang2006,
author = {Wang, Zhonghua and Zou, Yanjiao and Li, Xiaoyu and Zhang, Qunyu and Chen, Letian and Wu, Hao and Su, Dihua and Chen, Yuanling and Guo, Jingxin and Luo, Da and Long, Yunming and Zhong, Yang and Liu, Yao-Guang},
doi = {10.1105/tpc.105.038240},
issn = {1040-4651},
journal = {The Plant cell},
month = mar,
number = {3},
pages = {676--87},
pmid = {16489123},
title = {{Cytoplasmic male sterility of rice with boro II cytoplasm is caused by a cytotoxic peptide and is restored by two related PPR motif genes via distinct modes of mRNA silencing.}},
volume = {18},
year = {2006}
}
@article{Prikryl2011,
author = {Prikryl, Jana and Rojas, Margarita and Schuster, Gadi and Barkan, Alice},
doi = {10.1073/pnas.1012076108},
issn = {1091-6490},
journal = {Proceedings of the National Academy of Sciences of the United States of America},
month = jan,
number = {1},
pages = {415--20},
pmid = {21173259},
title = {{Mechanism of RNA stabilization and translational activation by a pentatricopeptide repeat protein.}},
volume = {108},
year = {2011}
}
@article{Pfalz2009,
author = {Pfalz, Jeannette and Bayraktar, Omer Ali and Prikryl, Jana and Barkan, Alice},
doi = {10.1038/emboj.2009.121},
issn = {1460-2075},
journal = {The EMBO journal},
month = jul,
number = {14},
pages = {2042--52},
pmid = {19424177},
title = {{Site-specific binding of a PPR protein defines and stabilizes 5' and 3' mRNA termini in chloroplasts.}},
volume = {28},
year = {2009}
}
@article{Yagi2013,
author = {Yagi, Yusuke and Hayashi, Shimpei and Kobayashi, Keiko and Hirayama, Takashi and Nakamura, Takahiro},
doi = {10.1371/journal.pone.0057286},
editor = {Wilusz, Carol J.},
issn = {1932-6203},
journal = {PloS one},
month = jan,
number = {3},
pages = {e57286},
pmid = {23472078},
publisher = {Public Library of Science},
title = {{Elucidation of the RNA recognition code for pentatricopeptide repeat proteins involved in organelle RNA editing in plants.}},
volume = {8},
year = {2013}
}
@article{Kazama2008,
author = {Kazama, Tomohiko and Nakamura, Takahiro and Watanabe, Masao and Sugita, Mamoru and Toriyama, Kinya},
doi = {10.1111/j.1365-313X.2008.03529.x},
issn = {1365-313X},
journal = {The Plant journal : for cell and molecular biology},
month = aug,
number = {4},
pages = {619--28},
pmid = {18435825},
title = {{Suppression mechanism of mitochondrial ORF79 accumulation by Rf1 protein in BT-type cytoplasmic male sterile rice.}},
volume = {55},
year = {2008}
}
@article{Yagi2013a,
author = {Yagi, Yusuke and Tachikawa, Makoto and Noguchi, Hisayo and Satoh, Soichirou and Obokata, Junichi and Nakamura, Takahiro},
issn = {1555-8584},
journal = {RNA biology},
month = may,
number = {9},
pmid = {23669716},
title = {{Pentatricopeptide repeat proteins involved in plant organellar RNA editing.}},
volume = {10},
year = {2013}
}
@article{Barkan2012,
author = {Barkan, Alice and Rojas, Margarita and Fujii, Sota and Yap, Aaron and Chong, Yee Seng and Bond, Charles S and Small, Ian},
doi = {10.1371/journal.pgen.1002910},
editor = {Voytas, Dan},
issn = {1553-7404},
journal = {PLoS genetics},
mendeley-tags = {PPR},
month = aug,
number = {8},
pages = {e1002910},
pmid = {22916040},
publisher = {Public Library of Science},
title = {{A combinatorial amino Acid code for RNA recognition by pentatricopeptide repeat proteins.}},
volume = {8},
year = {2012}
}
@article{Zerges2000,
author = {Zerges, W},
doi = {10.1016/S0300-9084(00)00603-9},
issn = {03009084},
journal = {Biochimie},
month = jun,
number = {6-7},
pages = {583--601},
title = {{Translation in chloroplasts}},
volume = {82},
year = {2000}
}
@article{Bentolila2002,
author = {Bentolila, Stephane and Alfonso, Antonio A and Hanson, Maureen R},
doi = {10.1073/pnas.102301599},
issn = {0027-8424},
journal = {Proceedings of the National Academy of Sciences of the United States of America},
month = aug,
number = {16},
pages = {10887--92},
pmid = {12136123},
title = {{A pentatricopeptide repeat-containing gene restores fertility to cytoplasmic male-sterile plants.}},
volume = {99},
year = {2002}
}
@article{Bhattacharya2007,
author = {Bhattacharya, Debashish and Archibald, John M and Weber, Andreas P M and Reyes-Prieto, Adrian},
doi = {10.1002/bies.20671},
issn = {0265-9247},
journal = {BioEssays : news and reviews in molecular, cellular and developmental biology},
month = dec,
number = {12},
pages = {1239--46},
pmid = {18027391},
title = {{How do endosymbionts become organelles? Understanding early events in plastid evolution.}},
volume = {29},
year = {2007}
}
@article{Castandet2011,
author = {Castandet, B and Araya, A},
doi = {10.1134/S0006297911080086},
issn = {1608-3040},
journal = {Biochemistry (Moscow)},
month = aug,
number = {8},
pages = {924--31},
pmid = {22022966},
title = {{RNA editing in plant organelles. Why make it easy?}},
volume = {76},
year = {2011}
}
@article{Fujii2011,
author = {Fujii, Sota and Small, Ian},
doi = {10.1111/j.1469-8137.2011.03746.x},
issn = {1469-8137},
journal = {The New phytologist},
month = jul,
number = {1},
pages = {37--47},
pmid = {21557747},
title = {{The evolution of RNA editing and pentatricopeptide repeat genes.}},
volume = {191},
year = {2011}
}
@article{Howard2012,
author = {Howard, Michael J and Lim, Wan Hsin and Fierke, Carol A and Koutmos, Markos},
doi = {10.1073/pnas.1209062109},
issn = {1091-6490},
journal = {Proceedings of the National Academy of Sciences of the United States of America},
month = oct,
number = {40},
pages = {16149--54},
pmid = {22991464},
title = {{Mitochondrial ribonuclease P structure provides insight into the evolution of catalytic strategies for precursor-tRNA 5' processing.}},
volume = {109},
year = {2012}
}
@article{Knoop2011,
author = {Knoop, Volker},
doi = {10.1007/s00018-010-0538-9},
issn = {1420-9071},
journal = {Cellular and molecular life sciences : CMLS},
month = feb,
number = {4},
pages = {567--86},
pmid = {20938709},
title = {{When you can't trust the DNA: RNA editing changes transcript sequences.}},
volume = {68},
year = {2011}
}
@article{Kurland2000,
author = {Kurland, C G and Andersson, S G},
issn = {1092-2172},
journal = {Microbiology and molecular biology reviews : MMBR},
month = dec,
number = {4},
pages = {786--820},
pmid = {11104819},
title = {{Origin and evolution of the mitochondrial proteome.}},
volume = {64},
year = {2000}
}
@article{Nakamura2012,
author = {Nakamura, Takahiro and Yagi, Yusuke and Kobayashi, Keiko},
doi = {10.1093/pcp/pcs069},
issn = {1471-9053},
journal = {Plant \& cell physiology},
month = jul,
number = {7},
pages = {1171--9},
pmid = {22576772},
title = {{Mechanistic insight into pentatricopeptide repeat proteins as sequence-specific RNA-binding proteins for organellar RNAs in plants.}},
volume = {53},
year = {2012}
}
@article{Okuda2007,
author = {Okuda, Kenji and Myouga, Fumiyoshi and Motohashi, Reiko and Shinozaki, Kazuo and Shikanai, Toshiharu},
doi = {10.1073/pnas.0700865104},
issn = {0027-8424},
journal = {Proceedings of the National Academy of Sciences of the United States of America},
month = may,
number = {19},
pages = {8178--83},
pmid = {17483454},
title = {{Conserved domain structure of pentatricopeptide repeat proteins involved in chloroplast RNA editing.}},
volume = {104},
year = {2007}
}
@article{Ringel2011,
author = {Ringel, Rieke and Sologub, Marina and Morozov, Yaroslav I and Litonin, Dmitry and Cramer, Patrick and Temiakov, Dmitry},
doi = {10.1038/nature10435},
issn = {1476-4687},
journal = {Nature},
month = oct,
number = {7368},
pages = {269--73},
pmid = {21947009},
title = {{Structure of human mitochondrial RNA polymerase.}},
volume = {478},
year = {2011}
}
@article{Rubinson2012,
author = {Rubinson, Emily H and Eichman, Brandt F},
doi = {10.1016/j.sbi.2011.11.005},
issn = {1879-033X},
journal = {Current opinion in structural biology},
month = feb,
number = {1},
pages = {101--9},
pmid = {22154606},
title = {{Nucleic acid recognition by tandem helical repeats.}},
volume = {22},
year = {2012}
}
@article{Matsuo2006,
author = {Matsuo, T and Onai, K and Okamoto, K and et al.},
issn = {3},
journal = {Molecular and Cellular Biology},
doi = {10.1128/MCB.26.3.863-870.2006},
pages = {863-870},
title = {{Real-time monitoring of chloroplast gene expression by a luciferase
  reporter: Evidence for nuclear regulation of chloroplast circadian period}},
volume = {26},
year = {2006}
}
@article{Sun2013,
author = {Sun, Ning and Zhao, Huimin},
doi = {10.1002/bit.24890},
issn = {00063592},
journal = {Biotechnology and Bioengineering},
month = mar,
pages = {n/a--n/a},
pmid = {23508559},
title = {{Transcription activator-like effector nucleases (TALENs): A highly 
    efficient and versatile tool for genome editing}},
url = {http://www.ncbi.nlm.nih.gov/pubmed/23508559},
year = {2013}
}
@article{Gaj2013,
author = {Gaj, Thomas and Gersbach, Charles A. and Barbas, Carlos F.},
doi = {10.1016/j.tibtech.2013.04.004},
issn = {01677799},
journal = {Trends in Biotechnology},
month = may,
publisher = {Elsevier},
title = {{ZFN, TALEN, and CRISPR/Cas-based methods for genome engineering}},
url = {http://www.cell.com/trends/biotechnology/fulltext/S0167-7799(13)00087-5},
year = {2013}
}
@article{targetP,
author = {Olof Emanuelsson and Henrik Nielsen and Søren Brunak 
  and Gunnar von Heijne},
journal = {Journal of Molecular Biology},
title = {{Predicting subcellular localization of proteins based on their 
  N-terminal amino acid sequence}},
year = {2000}
}
@article{So2011,
author = {So, Lok-Hang and Ghosh, Anandamohan and Zong, Chenghang and 
  Sep\'{u}lveda, Leonardo A and Segev, Ronen and Golding, Ido},
doi = {10.1038/ng.821},
issn = {1546-1718},
journal = {Nature genetics},
month = jun,
number = {6},
pages = {554--60},
pmid = {21532574},
title = {{General properties of transcriptional time series in 
  Escherichia coli.}},
volume = {43},
year = {2011}
}
@article{Andersen1998,
author = {Andersen, J B and Sternberg, C and Poulsen, L K and Bjorn, S P and 
  Givskov, M and Molin, S},
issn = {0099-2240},
journal = {Applied and environmental microbiology},
month = jun,
number = {6},
pages = {2240--6},
pmid = {9603842},
title = {{New unstable variants of green fluorescent protein for studies of 
  transient gene expression in bacteria.}},
volume = {64},
year = {1998}
}
